This file was created with JabRef 1.8.1.
Encoding: UTF8


@Online{Cloud_Computing__Wikipedia_2014-10-03, title = {Cloud Computing – Wikipedia}, author = {}, organization = {}, file = {:./references/Cloud Computing – Wikipedia.html:html}, url = {http://de.wikipedia.org/wiki/Cloud_Computing}, urldate = {2014-10-03} }

@Online{The_Internet_Industry_Is_on_a_Cloud_--_Whatever_That_May_Mean_-_WSJ_2014-10-03, title = {The Internet Industry Is on a Cloud -- Whatever That May Mean - WSJ}, author = {}, organization = {}, file = {:./references/The Internet Industry Is on a Cloud -- Whatever That May Mean - WSJ.html:html}, url = {http://online.wsj.com/articles/SB123802623665542725}, urldate = {2014-10-03} }

@Online{What_really_is_The_Cloud?_And_how_does_it_work?_A_simple_explainer_2014-10-31, title = {What really is ‘The Cloud’? And how does it work? A simple explainer}, author = {}, organization = {}, file = {:./references/What really is ‘The Cloud’? And how does it work? A simple explainer.html:html}, url = {http://www.news.com.au/technology/online/what-really-is-the-cloud-and-how-does-it-work-a-simple-explainer/story-fnjwmwrh-1227006315184}, urldate = {2014-10-31} }

@Online{Cloud_computing_-_Wikipedia_the_free_encyclopedia_2014-10-31, title = {Cloud computing - Wikipedia, the free encyclopedia}, author = {}, organization = {}, file = {:./references/Cloud computing - Wikipedia, the free encyclopedia.html:html}, url = {http://en.wikipedia.org/wiki/Cloud_computing#Origin_of_the_term}, urldate = {2014-10-31} }

@Online{Announcing_Amazon_Elastic_Compute_Cloud_(Amazon_EC2)_-_beta_2014-10-31, title = {Announcing Amazon Elastic Compute Cloud (Amazon EC2) - beta}, author = {}, organization = {}, file = {:./references/Announcing Amazon Elastic Compute Cloud (Amazon EC2) - beta.html:html}, url = {https://aws.amazon.com/de/about-aws/whats-new/2006/08/24/announcing-amazon-elastic-compute-cloud-amazon-ec2---beta/}, urldate = {2014-10-31} }

@Online{Who_Coined_'Cloud_Computing'?_|_MIT_Technology_Review_2014-10-31, title = {Who Coined 'Cloud Computing'? | MIT Technology Review}, author = {}, organization = {}, file = {:./references/Who Coined 'Cloud Computing'? | MIT Technology Review.html:html}, url = {http://www.technologyreview.com/news/425970/who-coined-cloud-computing/}, urldate = {2014-10-31} }


